@book{SK06,
  title={Sheaves and categories},
  author={Kashiwara, H and Schapira, P},
  year={2006},
  publisher={Springer Berlin}}

@article{VP,
  title={Chevalley groups over commutative rings: I. Elementary calculations},
  author={Vavilov, Nikolai and Plotkin, Eugene},
  journal={Acta Applicandae Mathematica},
  volume={45},
  number={1},
  pages={73--113},
  year={1996},
  doi = {10.1007/BF00047884}}
  
@book{Bou81,
  title={Groupes et alg√®bres de Lie: Chapitres 4, 5 et 6},
  author={Bourbaki, Nicolas},
  year={1981},
  publisher={Masson}}
  
@online{Re75,
    title = {\href { http://www.math.uni-bielefeld.de/~rehmann/Publ/praesentation.pdf } { Pr{\"a}sentationen von Chevalleygruppen {\"u}ber $k[t]$ }},
    author = {Rehmann, Ulf},
    year = {1975} }

@Article{Ste73,
    Title = {Surjective stability in dimension 0 for $K_2$ and related functors},
    Author = {Stein, Michael R.},
    Journal = {Trans. Amer. Math. Soc.},
    Year = {1973},
    Pages = {165--191},
    Volume = {178},
    Doi = {10.2307/1996696} }
    
@article{St71,
    title = {Generators, relations and coverings of Chevalley groups over commutative rings},
    author = {Stein, Michael R},
    journal = {Amer. J. Math.},
    volume = {93},
    number = {4},
    pages = {965--1004},
    year = {1971},
    doi = {10.2307/2373742} }    
    