@online{Re75,
    title = {\href { http://www.math.uni-bielefeld.de/~rehmann/Publ/praesentation.pdf } { Pr{\"a}sentationen von Chevalleygruppen {\"u}ber $k[t]$ }},
    author = {Rehmann, Ulf},
    year = {1975}}

@article{Jar83,
  title={On the homotopy groups of algebraic groups},
  author={Jardine, John Frederick},
  journal={J. Alg.},
  volume={81},
  number={1},
  pages={180--201},
  year={1983},
  url={https://core.ac.uk/download/pdf/82406606.pdf}}
  
@article{VW16,
  title={On $\mathbb{A}^1$-fundamental groups of isotropic reductive groups},
  author={V\"olkel, Konrad and Wendt, Matthias},
  journal={C. R. Math.},
  volume={354},
  number={5},
  pages={453--458},
  year={2016},
  doi={10.1016/j.crma.2016.01.026}}  
  
@article{AHW18,
  title={Affine representability results in $\mathbb{A}^1$--homotopy theory, II: Principal bundles and homogeneous spaces},
  author={Asok, Aravind and Hoyois, Marc and Wendt, Matthias},
  journal={Geom. Top.},
  volume={22},
  number={2},
  pages={1181--1225},
  year={2018},
  doi={10.2140/gt.2018.22.1181}}
  
@online{VZ20,
  author={Vavilov, Nikolai and Zhang, Zuhong},
  title={Commutators of relative and unrelative elementary subgroups in Chevalley groups},
  archivePrefix = "arXiv",
  eprint = "2003.07230",
  primaryClass = "math.RA",
  year={2020}}
  
@book{May67,
  title={Simplicial objects in algebraic topology},
  author={May, J. Peter},
  year={1967},
  publisher={Univ. Chicago Press}}

@article{Ina75,
  title = {Homotopy of pseudosimplicial groups, nonabelian derived functors and algebraic K-theory},
  author = {Inasaridze, Hvedri},
  journal = {Math.~USSR~Sb.},
  year = 1975,
  volume = {27},
  number = {3},
  pages = {303--324},
  doi = {10.1070/sm1975v027n03abeh002516}}

@article{Sta14,
  title = {Homotopy invariance of non-stable $K_1$-functors},
  author = {Stavrova, Anastasia},
  journal = {J. K-Th.},
  volume = {13},
  number = {2},
  pages = {199--248},
  year = {2014},
  doi = {10.1017/is013006012jkt232}}
  
@misc{stacks-project,
  author = {{The Stacks Project Authors}},
  title = {\textit{The Stacks Project}},
  howpublished = {\url{https://stacks.math.columbia.edu}}}
